<record xmlns="http://www.loc.gov/MARC21/slim">
   <leader>01777cam a2200409 a 4500</leader>
   <controlfield tag="001">1313584</controlfield>
   <controlfield tag="008">900820s1985    ii       b   f  1 0 sanod</controlfield>
   <datafield ind1=" " ind2=" " tag="010">
      <subfield code="a">   86902061 /SA</subfield>
   </datafield>
   <datafield ind1=" " ind2=" " tag="020">
      <subfield code="c">Rs90.00</subfield>
   </datafield>
   <datafield ind1=" " ind2=" " tag="025">
      <subfield code="a">I San 4977</subfield>
   </datafield>
   <datafield ind1=" " ind2=" " tag="035">
      <subfield code="a">ocm19456978</subfield>
   </datafield>
   <datafield ind1=" " ind2=" " tag="040">
      <subfield code="a">DLC</subfield>
      <subfield code="b">eng</subfield>
      <subfield code="c">DLC</subfield>
   </datafield>
   <datafield ind1="0" ind2=" " tag="041">
      <subfield code="a">sanhintib</subfield>
   </datafield>
   <datafield ind1=" " ind2=" " tag="049">
      <subfield code="a">AEU</subfield>
      <subfield code="b">eng</subfield>
   </datafield>
   <datafield ind1="0" ind2="0" tag="050">
      <subfield code="a">BQ2910</subfield>
   </datafield>
   <datafield ind1="0" ind2=" " tag="090">
      <subfield code="a">BQ 2910 S94212 1985</subfield>
   </datafield>
   <datafield ind1="0" ind2=" " tag="100">
      <subfield code="a">Nāgārjuna,</subfield>
      <subfield code="d">2nd century.</subfield>
   </datafield>
   <datafield ind1="1" ind2="0" tag="240">
      <subfield code="a">Śūnyatāsaptati kārika.</subfield>
      <subfield code="l">Polyglot</subfield>
   </datafield>
   <datafield ind1="1" ind2="0" tag="245">
      <subfield code="a">Śūnyatāsaptatiḥ =</subfield>
      <subfield code="b">Stoṅ ñid bdun cu pa = Śūnyatāsaptatiḥ of Ārya Nāgārjuna /</subfield>
      <subfield code="c">Nāgārjunapraṇītā ; svopajñavr̥ttyā samanvitā ; Saṃskr̥ta-punaruddhāraka, Hindī-anuvādaka, evaṃ sampādaka Sempā Dorje.</subfield>
   </datafield>
   <datafield ind1=" " ind2=" " tag="250">
      <subfield code="a">1st ed.</subfield>
   </datafield>
   <datafield ind1=" " ind2=" " tag="260">
      <subfield code="a">Sāranātha, Vārāṇasi :</subfield>
      <subfield code="b">Kendrīya Ucca Tibbatī-Śikshā-Saṃsthāna,</subfield>
      <subfield code="c">1985.</subfield>
   </datafield>
   <datafield ind1=" " ind2=" " tag="300">
      <subfield code="a">iv, 2, 20, 75, 84 p. ;</subfield>
      <subfield code="c">25 cm.</subfield>
   </datafield>
   <datafield ind1=" " ind2=" " tag="336">
      <subfield code="a">text</subfield>
      <subfield code="b">txt</subfield>
      <subfield code="2">rdacontent</subfield>
   </datafield>
   <datafield ind1=" " ind2=" " tag="337">
      <subfield code="a">unmediated</subfield>
      <subfield code="b">n</subfield>
      <subfield code="2">rdamedia</subfield>
   </datafield>
   <datafield ind1=" " ind2=" " tag="338">
      <subfield code="a">volume</subfield>
      <subfield code="b">nc</subfield>
      <subfield code="2">rdacarrier</subfield>
   </datafield>
   <datafield ind1="1" ind2=" " tag="490">
      <subfield code="a">Bibliotheca Indo-Tibetica ;</subfield>
      <subfield code="v">8 =</subfield>
      <subfield code="a">Bhoṭa-Bhāratīya granthamālā ;</subfield>
      <subfield code="v">8</subfield>
   </datafield>
   <datafield ind1=" " ind2=" " tag="500">
      <subfield code="a">In Sanskrit; translation and prefatory matter in Hindi and Tibetan.</subfield>
   </datafield>
   <datafield ind1=" " ind2=" " tag="500">
      <subfield code="a">"500 copies"--T.p. verso.</subfield>
   </datafield>
   <datafield ind1=" " ind2=" " tag="504">
      <subfield code="a">Includes bibliographical references and index.</subfield>
   </datafield>
   <datafield ind1=" " ind2=" " tag="520">
      <subfield code="a">Verse work on the Mādhyamika philosophy, with autocommentary; Sanskrit text reconstructed from Tibetan translation.</subfield>
   </datafield>
   <datafield ind1=" " ind2=" " tag="596">
      <subfield code="a">43</subfield>
   </datafield>
   <datafield ind1=" " ind2="0" tag="650">
      <subfield code="a">Mādhyamika (Buddhism)</subfield>
      <subfield code="v">Early works to 1800.</subfield>
   </datafield>
   <datafield ind1="0" ind2=" " tag="700">
      <subfield code="a">Sempā Dorje.</subfield>
   </datafield>
   <datafield ind1="0" ind2=" " tag="740">
      <subfield code="a">Stoṅ ñid bdun cu pa.</subfield>
   </datafield>
   <datafield ind1="0" ind2=" " tag="740">
      <subfield code="a">Śunyatāsaptatiḥ of Ārya Nāgārjuna.</subfield>
   </datafield>
   <datafield ind1=" " ind2="0" tag="830">
      <subfield code="a">Bhoṭa-Bhāratīya granthamālā ;</subfield>
      <subfield code="v">8.</subfield>
   </datafield>
   <datafield ind1=" " ind2=" " tag="926">
      <subfield code="a">BQ 2910 S94212 1985</subfield>
      <subfield code="w">LC</subfield>
      <subfield code="c">1</subfield>
      <subfield code="i">000033685710</subfield>
      <subfield code="d">12/12/2001</subfield>
      <subfield code="l">ON_SHELF</subfield>
      <subfield code="m">UAHSS</subfield>
      <subfield code="n">5</subfield>
      <subfield code="p">$150.00</subfield>
      <subfield code="r">Y</subfield>
      <subfield code="s">Y</subfield>
      <subfield code="t">BOOK</subfield>
      <subfield code="u">8/27/1990</subfield>
   </datafield>
</record>
